<record><leader>00000cas a22000007a 4500</leader><controlfield tag="001">18737648</controlfield><controlfield tag="008">881111d1987200umduwr ne      0    0eng d</controlfield><datafield ind1=" " ind2=" " tag="010"><subfield code="a">sn 88065172 </subfield></datafield><datafield ind1=" " ind2=" " tag="040"><subfield code="a">MFN</subfield><subfield code="b">eng</subfield><subfield code="c">MFN</subfield><subfield code="d">CUS</subfield><subfield code="d">DLC</subfield><subfield code="d">OCLCF</subfield><subfield code="d">OCLCO</subfield></datafield><datafield ind1="1" ind2=" " tag="029"><subfield code="a">AU@</subfield><subfield code="b">000041731920</subfield></datafield><datafield ind1=" " ind2=" " tag="042"><subfield code="a">msc</subfield></datafield><datafield ind1="0" ind2="0" tag="245"><subfield code="a">Queen Anne's County record-observer.</subfield></datafield><datafield ind1=" " ind2=" " tag="260"><subfield code="a">Easton, Md. :</subfield><subfield code="b">Chesapeake Pub. Corp.,</subfield></datafield><datafield ind1=" " ind2=" " tag="300"><subfield code="a">v.</subfield></datafield><datafield ind1=" " ind2=" " tag="310"><subfield code="a">Weekly</subfield></datafield><datafield ind1="0" ind2=" " tag="362"><subfield code="a">Vol. 50, no. 5 (Oct. 7, 1987)-</subfield></datafield><datafield ind1=" " ind2=" " tag="500"><subfield code="a">Published for Centreville, Md.</subfield></datafield><datafield ind1=" " ind2="0" tag="651"><subfield code="a">Queen Anne's County (Md.)</subfield><subfield code="v">Newspapers.</subfield></datafield><datafield ind1=" " ind2="7" tag="655"><subfield code="a">Newspapers.</subfield><subfield code="2">fast</subfield><subfield code="0">(OCoLC)fst01423814</subfield></datafield><datafield ind1=" " ind2="7" tag="651"><subfield code="a">Maryland</subfield><subfield code="z">Queen Anne's County.</subfield><subfield code="2">fast</subfield><subfield code="0">(OCoLC)fst01208087</subfield></datafield><datafield ind1=" " ind2=" " tag="752"><subfield code="a">United States</subfield><subfield code="b">Maryland</subfield><subfield code="c">Talbot</subfield><subfield code="d">Easton.</subfield></datafield><datafield ind1=" " ind2=" " tag="752"><subfield code="a">United States</subfield><subfield code="b">Maryland</subfield><subfield code="c">Queen Anne's</subfield><subfield code="d">Centreville.</subfield></datafield><datafield ind1="0" ind2="0" tag="780"><subfield code="t">Queen Anne's record-observer (Centreville, Md. : 1957)</subfield><subfield code="w">(DLC)sn 88065171</subfield></datafield><datafield ind1="0" ind2="0" tag="785"><subfield code="t">Record observer</subfield><subfield code="x">2153-0726</subfield><subfield code="w">(DLC)  2010201305</subfield><subfield code="w">(OCoLC)501085596</subfield></datafield></record>